@book{lamport1994latex,
  title={{\LaTeX}: A document preparation system: User's guide and reference manual},
  author={Lamport, Leslie},
  year={1994},
  address={Massachusetts},
  publisher={Addison-Wesley}
}

@book{putong-wenkejuan,
  title={普通高等学校本科毕业设计 (论文) 指导: 文科卷},
  author={吴寅华 and 陈德泉},
  isbn={9787806864517},
  year={2006},
  address={浙江},
  publisher={浙江摄影出版社}
}

@book{putong-ligongkejuan,
  title={普通高等学校本科毕业设计 (论文) 指导: 理工科卷},
  author={吴寅华 and 王薇},
  isbn={9787806864548},
  year={2006},
  address={浙江},
  publisher={浙江摄影出版社}
}

@standard{gb3100-1993,
  title={{GB} 3100-1993, 国际单位制及其应用},
  year={1993},
  address={北京},
  publisher={中国标准出版社}
}

@standard{gbt7714-1987,
  title={{GB/T} 7714-1987, 文后参考文献著录规则},
  year={1987},
  address={北京},
  publisher={中国标准出版社}
}

@standard{gbt15834-1995,
  title={{GB/T} 15834-1995, 标点符号用法},
  year={1995},
  address={北京},
  publisher={中国标准出版社}
}

@book{ali-quotes,
  title={阿里巴巴土话102句},
  year={2021},
  address={奋斗逼之都},
  publisher={赋能出版社}
}